@article{hertz,
  title={Introduction to the theory of neural computation},
  author={Hertz, John and Krogh, A and Palmer, Richard G},
  year={1991},
  publisher={Addison-Wesley}
}