@FOOTNOTE{Note1,key="Note1",note="\protect \url  {https://github.com/astrocronopio/NN_IB/blob/master/pr-rn-2/Graficos/current_15.gif}"}
@CONTROL{REVTEX41Control}
@CONTROL{apsrev41Control,author="08",editor="1",pages="0",title="",year="1"}
